<?xml version="1.0" encoding="UTF-8"?><collection xmlns="http://www.loc.gov/MARC21/slim"><record><leader>00456nam--2200157-i-4500</leader><controlfield tag="001">000005072</controlfield><controlfield tag="002">20161230</controlfield><controlfield tag="005">20170128202330</controlfield><controlfield tag="008">060222s1000------------r-----000-0-eng-d</controlfield><datafield ind1=" " ind2=" " tag="100"><subfield code="a">Bierbower, J. B</subfield></datafield><datafield ind1=" " ind2=" " tag="245"><subfield code="a">An experimental investigation of the mechanics of plastic deformation of metals</subfield></datafield><datafield ind1=" " ind2=" " tag="260"><subfield code="a">Berkeley</subfield><subfield code="b">University Of California Press</subfield><subfield code="c">1954</subfield></datafield><datafield ind1=" " ind2=" " tag="300"><subfield code="a">/89-144/p</subfield></datafield><datafield ind1=" " ind2=" " tag="700"><subfield code="a">Thomsen, E. G</subfield></datafield><datafield ind1=" " ind2=" " tag="852"><subfield code="a">15525</subfield></datafield><datafield ind1=" " ind2=" " tag="CAT"><subfield code="a">SYS</subfield><subfield code="c">20170128</subfield><subfield code="h">202330</subfield></datafield></record></collection>